@article{electronics,
  author =       "Matija Čupić",
  title =        "Solar cell battery charging controller",
  journal =      "Automatika Magazine",
  year =         "in press",
  DOI =          "http://www.automatika.rs/projekti/svi-projekti/kontroler-punjenja-akumulatora-solarnim-celijama.html"
}
